@online{unknown-author-2021,
  date  = {2021-01-28},
  title = {A survey on sentiment analysis},
  url   = {https://ieeexplore.ieee.org/document/9377136}
}
@article{xu-2020,
  author       = {given-i=H, given=Hongwu, family=Xu and given-i=L, given=Lei, family=Shu and given-i=PS, given={Philip S.}, family=Yu and given-i=B, given=Bing, family=Liu},
  date         = {2020-01-01},
  doi          = {10.18653/v1/2020.coling-main.21},
  journaltitle = {arXiv},
  title        = {Understanding Pre-trained BERT for Aspect-based Sentiment Analysis},
  url          = {https://doi.org/10.18653/v1/2020.coling-main.21}
}
@article{abaskohi-2022,
  author       = {given-i=A, given=Amirhossein, family=Abaskohi and given-i=A, given=Arash, family=Rasouli and given-i=T, given=Tanin, family=Zeraati and given-i=B, given=Behnam, family=Bahrak},
  date         = {2022-01-01},
  doi          = {10.18653/v1/2022.semeval-1.135},
  journaltitle = {Proceedings of the 16th International Workshop on Semantic Evaluation (SemEval-2022)},
  title        = {UTNLP at SemEval-2022 Task 6: A Comparative Analysis of Sarcasm Detection using generative-based and mutation-based data augmentation},
  url          = {https://doi.org/10.18653/v1/2022.semeval-1.135}
}
@online{unknown-author-no-dateA,
  title = {Deeply moving: Deep learning for sentiment analysis},
  url   = {https://nlp.stanford.edu/sentiment/}
}
@article{miranda-2023,
  author       = {given-i=CH, given={Carlos Henríquez}, family=Miranda and given-i=G, given=Germán, family=Sánchez-Torres and given-i=D, given=Dixon, family=Salcedo},
  date         = {2023-05-29},
  doi          = {10.3390/data8060096},
  journaltitle = {Data},
  number       = {6},
  pages        = {96},
  title        = {Exploring the evolution of sentiment in Spanish pandemic tweets: a data analysis based on a Fine-Tuned BERT architecture},
  url          = {https://www.mdpi.com/2306-5729/8/6/96},
  volume       = {8}
}
@online{unknown-author-no-dateB,
  title = {Transformers},
  url   = {https://huggingface.co/docs/transformers/en/index}
}
@online{unknown-author-no-dateC,
  title = {Cloud Natural Language | Google Cloud},
  url   = {https://cloud.google.com/natural-language}
}
@online{gillis-2023,
  author = {given-i=AS, given={Alexander S.}, family=Gillis},
  date   = {2023-08-15},
  title  = {natural language understanding (NLU)},
  url    = {https://www.techtarget.com/searchenterpriseai/definition/natural-language-understanding-NLU}
}
@online{arora-2024A,
  author = {given-i=S, given=Suvrat, family=Arora},
  date   = {2024-01-09},
  title  = {Sentiment analysis using Python},
  url    = {https://www.analyticsvidhya.com/blog/2022/07/sentiment-analysis-using-python/}
}
@online{arora-2024B,
  author = {given-i=S, given=Suvrat, family=Arora},
  date   = {2024-01-09},
  title  = {Sentiment analysis using Python},
  url    = {https://www.analyticsvidhya.com/blog/2022/07/sentiment-analysis-using-python/}
}
@online{chacko-2024,
  author = {given-i=A, given=Annette, family=Chacko and given-i=A, given=Annette, family=Chacko},
  date   = {2024-04-17},
  title  = {How to use sentiment analysis to analyze customer opinion},
  url    = {https://sproutsocial.com/insights/sentiment-analysis/}
}

@online{unknown-author-no-dateK,
	title = {Computación paralela (artículo) | Algoritmos | Khan Academy},
	url = {https://es.khanacademy.org/computing/ap-computer-science-principles/algorithms-101/x2d2f703b37b450a3:parallel-and-distributed-computing/a/parallel-computing},
}